<record><leader>00000cas a22000007a 4500</leader><controlfield tag="001">11660990</controlfield><controlfield tag="008">850205d18721872nyuwr ne      0    0eng d</controlfield><datafield ind1=" " ind2=" " tag="010"><subfield code="a">sn 85054386 </subfield></datafield><datafield ind1=" " ind2=" " tag="040"><subfield code="a">NYG</subfield><subfield code="b">eng</subfield><subfield code="c">NYG</subfield><subfield code="d">NPX</subfield><subfield code="d">NYS</subfield><subfield code="d">OCLCQ</subfield></datafield><datafield ind1=" " ind2=" " tag="042"><subfield code="a">msc</subfield></datafield><datafield ind1="0" ind2=" " tag="130"><subfield code="a">Freeman (Rondout, N.Y.)</subfield></datafield><datafield ind1="1" ind2="4" tag="245"><subfield code="a">The freeman.</subfield></datafield><datafield ind1=" " ind2=" " tag="260"><subfield code="a">Rondout, N.Y. :</subfield><subfield code="b">Horatio Fowks,</subfield><subfield code="c">1872.</subfield></datafield><datafield ind1=" " ind2=" " tag="300"><subfield code="a">v. ;</subfield><subfield code="c">65 cm.</subfield></datafield><datafield ind1=" " ind2=" " tag="310"><subfield code="a">Weekly</subfield></datafield><datafield ind1="0" ind2=" " tag="362"><subfield code="a">Vol. 13, no. 50 (Apr. 5, 1872) = Whole no. 675.</subfield></datafield><datafield ind1=" " ind2="4" tag="651"><subfield code="a">Kingston (N.Y.)</subfield><subfield code="v">Newspapers.</subfield></datafield><datafield ind1=" " ind2="4" tag="651"><subfield code="a">Rondout (N.Y.)</subfield><subfield code="v">Newspapers.</subfield></datafield><datafield ind1=" " ind2=" " tag="752"><subfield code="a">United States</subfield><subfield code="b">New York</subfield><subfield code="c">Ulster</subfield><subfield code="d">Kingston.</subfield></datafield><datafield ind1=" " ind2=" " tag="752"><subfield code="a">United States</subfield><subfield code="b">New York</subfield><subfield code="c">Ulster</subfield><subfield code="d">Rondout.</subfield></datafield><datafield ind1="0" ind2=" " tag="775"><subfield code="t">Daily freeman (Kingston, N.Y. : 1872)</subfield><subfield code="w">(DLC)sn 83031202</subfield><subfield code="w">(OCoLC)8296786</subfield></datafield><datafield ind1="0" ind2="0" tag="780"><subfield code="t">Rondout freeman (Rondout, N.Y. : 1859)</subfield><subfield code="w">(DLC)sn 83031959</subfield></datafield><datafield ind1="0" ind2="0" tag="785"><subfield code="t">Weekly freeman</subfield><subfield code="w">(DLC)sn 83031204</subfield></datafield><datafield ind1="1" ind2=" " tag="029"><subfield code="a">AU@</subfield><subfield code="b">000024688345</subfield></datafield></record>